101  9100001912737206971301161505A094101WELLS FARGO            ALALALAD PAYMENTS              
5200ALALALAD        ACH SETTLEMENT      2273720697PPDPAYOUTS         130116   1127372060000001
6221123456781123456789       000001234598789789       TEST CREDIT 1           0127372060000001
6221315413481312545400       000000014512312312       TEST CREDIT 2           0127372060000002
820000000200243887010000000000000000000124902273720697                         127372060000001
9000001000001000000020024388701000000000000000000012490                                       